@misc{fomicheva2020unsupervised,
      title={Unsupervised Quality Estimation for Neural Machine Translation}, 
      author={Marina Fomicheva and Shuo Sun and Lisa Yankovskaya and Frédéric Blain and Francisco Guzmán and Mark Fishel and Nikolaos Aletras and Vishrav Chaudhary and Lucia Specia},
      year={2020},
      eprint={2005.10608},
      archivePrefix={arXiv},
      primaryClass={cs.CL}
}

@article{mittelbach2014,
  author = {Frank Mittelbach},
  title = {How to influence the position of float environments like figure and table in \LaTeX?},
  journal = {TUGboat},
  year = {2014},
  volume = {35},
  pages = {248--254},
  url = {https://www.latex-project.org/publications/tb111mitt-float.pdf},
}